@online{voorbeeld-ref,
	author    = "Jane Doe",
	company   = "Company Inc",
	year      = "2017",
	title     = "Source Title",
	url       = "https://www.google.com",
	urldate = {2017-04-03},
	keywords  = "bib"
}

@book{boek-ref,
	title={Book Title},
	author={John Doe},
	isbn={9781449360726},
	year={2014},
	publisher={Publisher Name},
	keywords = "bib"
}

